@Book{xie2015,
  title = {Dynamic Documents with {R} and knitr},
  author = {Yihui Xie},
  publisher = {Chapman and Hall/CRC},
  address = {Boca Raton, Florida},
  year = {2015},
  edition = {2nd},
  note = {ISBN 978-1498716963},
  url = {http://yihui.name/knitr/},
}

@Misc{CRISP_DM,
  Title = {Cross-industry standard process for data mining},
  Author= {wikipedia},
  Year  = {2022},
  Type  = {Article},
  Url   = {https://en.wikipedia.org/wiki/Cross-industry_standard_process_for_data_mining}
}

@Article{A3,
    title = {Consistent and Clear Reporting of Results from Diverse
      Modeling Techniques: The A3 Method},
    author = {Scott Fortmann-Roe},
    journal = {Journal of Statistical Software},
    year = {2015},
    volume = {66},
    number = {7},
    pages = {1--23},
    url = {http://www.jstatsoft.org/v66/i07/},
  }

@Book{r4ds,
    author = {Garrett Grolemund, Hadley Wickham},
    title = {R for Data Science},
    publisher = {},
    year = {2018},
    isbn = {},
    url = {http://r4ds.had.co.nz/index.html},
  }


@Book{RMark,
    author = {Yihui Xie, J. J. Allaire, Garrett Grolemund},
    title = {R Markdown: The Definitive Guide},
    publisher = {},
    year = {2018},
    isbn = {},
    url = {https://bookdown.org/yihui/rmarkdown/},
  }


@Misc{SintaxMarkdown,
  Title                    = {Syntaxis Markdown},

  Author                   = {Belousovv.ru},
  Year                     = {2013},

  Type                     = {Article},
  Url                      = {http://belousovv.ru/markdown_syntax#fnref:2}
}


@Misc{CheatSheetMarkdown,
  Title                    = {Cheat Sheet of Markdown},

  Author                   = {sandino},
  Year                     = {2013},

  Type                     = {Article},
  Url                      = {https://github.com/sandino/Markdown-Cheatsheet#emphasis}
}



@Misc{Chang2015,
  Title                    = {shiny: Web Application Framework for R. R package version 0.12.1},

  Author                   = {Chang, W. and Cheng, J. and Allaire, JJ. and Xie, Y. and McPherson, J. },
  Year                     = {2015},

  Type                     = {Computer Program},
  Url                      = {http://CRAN.R-project.org/package=shiny}
}


@Article{RCoreTeam,
  Title                    = {R: A Language and Environment for Statistical Computing},
  Author                   = {{R Core Team}},
  Year                     = {2015},

  Type                     = {Journal Article},
  Url                      = {http://www.R-project.org}
}


@Article{tag,
  Title                    = {},
  Author                   = {},
  Year                     = {},
  Yournal                  = {}
}


@Book{ggplot2,
    author = {Hadley Wickham},
    title = {ggplot2: Elegant Graphics for Data Analysis},
    publisher = {Springer-Verlag New York},
    year = {2009},
    isbn = {978-0-387-98140-6},
    url = {https://ggplot2-book.org/},
  }

@Manual{R-Studio, 
  title = {RStudio: Integrated Development Environment for R}, 
  author = {{RStudio Team}}, 
  organization = {RStudio, PBC.},
  address = {Boston, MA}, 
  year = {2020}, 
  url = {http://www.rstudio.com/}, 
}

@Manual{rio,
    title = {rio: A Swiss-army knife for data file I/O},
    author = {Chung-hong Chan and Geoffrey CH Chan and Thomas J. Leeper
      and Jason Becker},
    year = {2018},
    note = {R package version 0.5.9},
  }

@Misc{EDA,
  Title                    = {Exploratory data analysis},

  Author                   = {wikipedia},
  Year                     = {2018},

  Type                     = {Article},
  Url                      = {https://en.wikipedia.org/wiki/Exploratory_data_analysis}
}


@Misc{Rusdplyr,
  Title                    = {Blog A. Ogurtsov},

  Author                   = {A. Ogurtsov},
  Year                     = {2022},

  Type                     = {Article},
  Url                      = {http://biostat-r.blogspot.com/search/label/data_frame}
}

