
@Misc{CRISP_DM,
  Title                    = {Cross-industry standard process for data mining},

  Author                   = {wikipedia},
  Year                     = {2018},

  Type                     = {Article},
  Url                      = {https://en.wikipedia.org/wiki/Cross-industry_standard_process_for_data_mining}
}

@book{wickham2021mastering,
  title={Mastering Shiny},
  author={Wickham, H. and Safari, an O'Reilly Media Company},
  isbn={9781492047377},
  url={https://books.google.com.ua/books?id=ha1CzgEACAAJ},
  year={2021},
  publisher={O'Reilly Media, Incorporated}
}


@Manual{R-shiny,
  title = {shiny: Web Application Framework for R},
  author = {Winston Chang and Joe Cheng and JJ Allaire and Carson Sievert and Barret Schloerke and Yihui Xie and Jeff Allen and Jonathan McPherson and Alan Dipert and Barbara Borges},
  year = {2021},
  note = {R package version 1.7.1},
  url = {https://CRAN.R-project.org/package=shiny},
}


@Misc{khramov,
  Title                    = {Saving-importing machine learning models in databases},

  Author                   = {Dmitry Khramov},
  Year                     = {2017},

  Type                     = {Article},
  Url                      = {http://dkhramov.dp.ua/Comp.CaretModelsAndDB.html#.Xbr4G0YzY2w}
}


@Book{r4ds,
    author = {Garrett Grolemund, Hadley Wickham},
    title = {R for Data Science},
    publisher = {},
    year = {2018},
    isbn = {},
    url = {http://r4ds.had.co.nz/index.html},
  }

@Book{Khun_book,
    author = {Kuhn M., Johnson K.},
    title = {Applied Predictive Modeling},
    publisher = {Springer-Verlag New-York},
    year = {2013},
    isbn = {},
    url = {},
pages = {574},

  }


@Book{Shit_Mast,
    author = {Shitikov V. K., Masticky S. E.},
    title = {Classification, Regression, and Other Data Mining Algorithms Using R},
    publisher = {},
    year = {2017},
    isbn = {},
    url = {https://ranalytics.github.io/data-mining/index.html},
  }

@Book{RMark,
    author = {Yihui Xie, J. J. Allaire, Garrett Grolemund},
    title = {R Markdown: The Definitive Guide},
    publisher = {},
    year = {2018},
    isbn = {},
    url = {https://bookdown.org/yihui/rmarkdown/},
  }


@Misc{SintaxMarkdown,
  Title                    = {Syntaxis Markdown},

  Author                   = {Belousovv.ru},
  Year                     = {2013},

  Type                     = {Article},
  Url                      = {http://belousovv.ru/markdown_syntax#fnref:2}
}


@Misc{CheatSheetMarkdown,
  Title                    = {Cheat Sheet of Markdown},

  Author                   = {sandino},
  Year                     = {2013},

  Type                     = {Article},
  Url                      = {https://github.com/sandino/Markdown-Cheatsheet#emphasis}
}



@Misc{Chang2015,
  Title                    = {shiny: Web Application Framework for R. R package version 0.12.1},

  Author                   = {Chang, W. and Cheng, J. and Allaire, JJ. and Xie, Y. and McPherson, J. },
  Year                     = {2015},

  Type                     = {Computer Program},
  Url                      = {http://CRAN.R-project.org/package=shiny}
}


@Article{RCoreTeam,
  Title                    = {R: A Language and Environment for Statistical Computing},
  Author                   = {{R Core Team}},
  Year                     = {2015},

  Type                     = {Journal Article},
  Url                      = {http://www.R-project.org}
}


@Article{tidy,
  Title                    = {Tidy Data},
  Author                   = {Hadley Wickham},
  Year                     = {2014},
  Yournal                  = {Journal of Statistical Software},
  Url                      = {https://www.jstatsoft.org/article/view/v059i10}
}


@Article{Fernandes,
  Title                    = {Do we need hundreds of classifiers to solve real world classification problems?},
  Author                   = {	Manuel Fernandez-Delgado, Eva Cernadas, Senen Barro, Dinani Amorim},
  Year                     = {2014},
  Yournal                  = {The Journal of Machine Learning Research, Volume 15 Issue 1, January 2014, Pages 3133-3181},
  Url                      = {https://www.jstatsoft.org/article/view/v059i10}
}

@article{Kuhn2008,
author                     = {M. Kuhn},
title                      = {Building Predictive Models in R Using the caret Package},
journal                    = {Journal of Statistical Software},
volume                     = {5},
year                       = {2008},
number                     = {},
pages                      = {113--142},
DOI                        = {10.18637/jss.v028.i05}
}

@article{Kuhn2013,
author                     = {M. Kuhn},
title                      = {Predictive Modeling with R and the caret Package},
journal                    = {},
volume                     = {},
year                       = {2013},
number                     = {},
pages                      = {},
Url                        = {https://www.r-project.org/}
}

@article{Kuhn2003,
author                     = {M. Kuhn},
title                      = {Variable Selection Using The caret Package},
journal                    = {},
volume                     = {},
year                       = {2003},
number                     = {},
pages                      = {},
Url                        = {https://r-forge.r-project.org/scm/viewvc.php/*checkout*/pkg/caret/inst/doc/caretSelection.pdf?revision=77&root=caret&pathrev=90}
}



@Book{ggplot2,
    author = {Hadley Wickham},
    title = {ggplot2: Elegant Graphics for Data Analysis},
    publisher = {Springer-Verlag New York},
    year = {2009},
    isbn = {978-0-387-98140-6},
    url = {http://ggplot2.org},
  }

@Book{Paklin,
    author = {Viacheslav Oreshkov, Nikolay Paklin},
    title = {Business: from Data to Knowlige},
    publisher = {Piter},
    year = {2012},
    isbn = {978-5-459-00717-6},
    url = {https://kniga.biz.ua/book-biznes-analitika-ot-dannykh-k-znaniiam-cd-uchebnoe-posobie-2-e-izdanie-ispravlennoe-003514.html},
  }



@Manual{rio,
    title = {rio: A Swiss-army knife for data file I/O},
    author = {Chung-hong Chan and Geoffrey CH Chan and Thomas J. Leeper
      and Jason Becker},
    year = {2018},
    note = {R package version 0.5.9},
  }

@Misc{dplyr,
  Title                    = {dplyr: A Grammar of Data Manipulation},

  Author                   = {Hadley Wickham, Romain Francois, Lionel Henry, Kirill Muller, RStudio},
  Year                     = {2018},

  Type                     = {Documentation},
  Url                      = {https://cran.r-project.org/web/packages/dplyr/}
}

@Misc{tvdplyr,
  Title                    = {dplyr part of tidyvers. Overview},

  Author                   = {Hadley Wickham, Romain Francois, Lionel Henry, Kirill Muller, RStudio},
  Year                     = {2018},

  Type                     = {Documentation},
  Url                      = {https://dplyr.tidyverse.org/}
}

@Misc{Rusdplyr,
  Title                    = {Introduction to dplyr. Translation of Andrey Ogurtsov},

  Author                   = {Hadley Wickham, Romain Francois, Lionel Henry, Kirill Muller, RStudio},
  Year                     = {2018},

  Type                     = {Documentation},
  Url                      = {http://rpubs.com/aa989190f363e46d/dplyr_intro}
}

@Misc{dbplyr,
  Title                    = {Databases using dplyr},

  Author                   = {RStudio},
  Year                     = {2018},

  Type                     = {Documentation},
  Url                      = {https://db.rstudio.com/dplyr/}
}

@Misc{EDA,
  Title                    = {Exploratory data analysis},

  Author                   = {wikipedia},
  Year                     = {2018},

  Type                     = {Article},
  Url                      = {https://en.wikipedia.org/wiki/Exploratory_data_analysis}
}

@Book{FunModelling,
    author = {Pablo Casas},
    title = {Data Science Live Book},
    publisher = {},
    year = {2018},
    isbn = {},
    url = {https://livebook.datascienceheroes.com/},
  }

@Misc{PCA,
  Title                    = {Principal component analysis},

  Author                   = {wikipedia},
  Year                     = {2018},

  Type                     = {Article},
  Url                      = {https://en.wikipedia.org/wiki/Principal_component_analysis}
}

@Book{Hyndman3,
    author = {Hyndman, R.J., Athanasopoulos, G.},
    title = {Forecasting: principles and practice, 3nd edition},
    publisher = {OTexts: Melbourne, Australia},
    year = {2021},
    isbn = {},
    url = {https://otexts.com/fpp3/}
  }

@Book{Hyndman2,
    author = {Hyndman, R.J., Athanasopoulos, G.},
    title = {Forecasting: principles and practice, 2nd edition},
    publisher = {OTexts: Melbourne, Australia},
    year = {2018},
    isbn = {},
    url = {https://otexts.com/fpp2/}
  }


@Misc{statsoft,
  Title                    = {Time Series Analysis},

  Author                   = {Statsoft},
  Year                     = {2021},

  Type                     = {Article},
  Url                      = {http://statsoft.ru/home/textbook/modules/sttimser.html}
}

@Book{box,
    author = {Box J., Jenkins G.},
    title = {Time Series Analysis Forecasting and Management},
    publisher = {Moscow, MIR},
    year = {1974},
    isbn = {},
    url = {https://scask.ru/a_book_boks1.php},
  }



@Book{kantor,
    author = {Kantorovich H. H.},
    title = {Time series analysis},
    publisher = {Economical Journal High School Economics},
    year = {2003},
    isbn = {},
    url = {https://elib.hse.ru/e-resources/HSE_economic_journal/articles/06_02_07.pdf},

  }



@Misc{curl,
  Title                    = {curl},

  Author                   = {wikipedia},
  Year                     = {2021},

  Type                     = {Article},
  Url                      = {https://en.wikipedia.org/wiki/CURL}
}




@Book{hram,
    author = {Dmytrii Khramov},
    title = {Collecting data on the Internet in R},
    publisher = {},
    year = {2016},
    isbn = {},
    url = {http://www.knigograd.com.ua/index.php?dispatch=products.view&product_id=263245},
  }


@Misc{CRISP_DM,
  Title                    = {Cross-industry standard process for data mining},

  Author                   = {wikipedia},
  Year                     = {2018},

  Type                     = {Article},
  Url                      = {https://en.wikipedia.org/wiki/Cross-industry_standard_process_for_data_mining}
}


@Book{r4ds,
    author = {Garrett Grolemund, Hadley Wickham},
    title = {R for Data Science},
    publisher = {},
    year = {2018},
    isbn = {},
    url = {http://r4ds.had.co.nz/index.html},
  }


@Book{RMark,
    author = {Yihui Xie, J. J. Allaire, Garrett Grolemund},
    title = {R Markdown: The Definitive Guide},
    publisher = {},
    year = {2018},
    isbn = {},
    url = {https://bookdown.org/yihui/rmarkdown/},
  }


@Misc{SintaxMarkdown,
  Title                    = {Syntaxis Markdown},

  Author                   = {Belousovv.ru},
  Year                     = {2013},

  Type                     = {Article},
  Url                      = {http://belousovv.ru/markdown_syntax#fnref:2}
}


@Misc{CheatSheetMarkdown,
  Title                    = {Cheat Sheet of Markdown},

  Author                   = {sandino},
  Year                     = {2013},

  Type                     = {Article},
  Url                      = {https://github.com/sandino/Markdown-Cheatsheet#emphasis}
}



@Misc{Chang2015,
  Title                    = {shiny: Web Application Framework for R. R package version 0.12.1},

  Author                   = {Chang, W. and Cheng, J. and Allaire, JJ. and Xie, Y. and McPherson, J. },
  Year                     = {2015},

  Type                     = {Computer Program},
  Url                      = {http://CRAN.R-project.org/package=shiny}
}


@Article{RCoreTeam,
  Title                    = {R: A Language and Environment for Statistical Computing},
  Author                   = {{R Core Team}},
  Year                     = {2015},

  Type                     = {Journal Article},
  Url                      = {http://www.R-project.org}
}


@Article{tidy,
  Title                    = {Tidy Data},
  Author                   = {Hadley Wickham},
  Year                     = {2014},
  Yournal                  = {Journal of Statistical Software},
  Url                      = {https://www.jstatsoft.org/article/view/v059i10}
}


@Article{Fernandes,
  Title                    = {Do we need hundreds of classifiers to solve real world classification problems?},
  Author                   = {	Manuel Fernandez-Delgado, Eva Cernadas, Senen Barro, Dinani Amorim},
  Year                     = {2014},
  Yournal                  = {The Journal of Machine Learning Research, Volume 15 Issue 1, January 2014, Pages 3133-3181},
  Url                      = {https://www.jstatsoft.org/article/view/v059i10}
}


@Book{ggplot2,
    author = {Hadley Wickham},
    title = {ggplot2: Elegant Graphics for Data Analysis},
    publisher = {Springer-Verlag New York},
    year = {2009},
    isbn = {978-0-387-98140-6},
    url = {http://ggplot2.org},
  }

@Book{Paklin,
    author = {Viacheslav Oreshkov, Nikolay Paklin},
    title = {Business: from Data to Knowlige},
    publisher = {Piter},
    year = {2012},
    isbn = {978-5-459-00717-6},
    url = {https://kniga.biz.ua/book-biznes-analitika-ot-dannykh-k-znaniiam-cd-uchebnoe-posobie-2-e-izdanie-ispravlennoe-003514.html},
  }



@Manual{rio,
    title = {rio: A Swiss-army knife for data file I/O},
    author = {Chung-hong Chan and Geoffrey CH Chan and Thomas J. Leeper
      and Jason Becker},
    year = {2018},
    note = {R package version 0.5.9},
  }

@Misc{dplyr,
  Title                    = {dplyr: A Grammar of Data Manipulation},

  Author                   = {Hadley Wickham, Romain Francois, Lionel Henry, Kirill Muller, RStudio},
  Year                     = {2018},

  Type                     = {Documentation},
  Url                      = {https://cran.r-project.org/web/packages/dplyr/}
}

@Misc{tvdplyr,
  Title                    = {dplyr part of tidyvers. Overview},

  Author                   = {Hadley Wickham, Romain Francois, Lionel Henry, Kirill Muller, RStudio},
  Year                     = {2018},

  Type                     = {Documentation},
  Url                      = {https://dplyr.tidyverse.org/}
}

@Misc{Rusdplyr,
  Title                    = {Introduction to dplyr. Translation of Andrey Ogurtsov},

  Author                   = {Hadley Wickham, Romain Francois, Lionel Henry, Kirill Muller, RStudio},
  Year                     = {2018},

  Type                     = {Documentation},
  Url                      = {http://rpubs.com/aa989190f363e46d/dplyr_intro}
}

@Misc{dbplyr,
  Title                    = {Databases using dplyr},

  Author                   = {RStudio},
  Year                     = {2018},

  Type                     = {Documentation},
  Url                      = {https://db.rstudio.com/dplyr/}
}

@Misc{EDA,
  Title                    = {Exploratory data analysis},

  Author                   = {wikipedia},
  Year                     = {2018},

  Type                     = {Article},
  Url                      = {https://en.wikipedia.org/wiki/Exploratory_data_analysis}
}

@Book{FunModelling,
    author = {Pablo Casas},
    title = {Data Science Live Book},
    publisher = {},
    year = {2018},
    isbn = {},
    url = {https://livebook.datascienceheroes.com/},
  }

@Misc{PCA,
  Title                    = {Principal component analysis},

  Author                   = {wikipedia},
  Year                     = {2018},

  Type                     = {Article},
  Url                      = {https://en.wikipedia.org/wiki/Principal_component_analysis}
}

